<record><leader>00000cas a22000007a 4500</leader><controlfield tag="001">12532956</controlfield><controlfield tag="008">850910d19111912wiuwr ne      0    0eng d</controlfield><datafield ind1=" " ind2=" " tag="010"><subfield code="a">sn 85041008 </subfield></datafield><datafield ind1=" " ind2=" " tag="040"><subfield code="a">NPV</subfield><subfield code="b">eng</subfield><subfield code="c">NPV</subfield><subfield code="d">OCLCQ</subfield></datafield><datafield ind1=" " ind2=" " tag="042"><subfield code="a">msc</subfield></datafield><datafield ind1=" " ind2=" " tag="045"><subfield code="a">x1x1</subfield></datafield><datafield ind1=" " ind2=" " tag="052"><subfield code="a">4123</subfield><subfield code="b">02</subfield></datafield><datafield ind1="0" ind2=" " tag="130"><subfield code="a">Union farmer (Oconto Falls, Wis.)</subfield></datafield><datafield ind1="1" ind2="4" tag="245"><subfield code="a">The union farmer.</subfield></datafield><datafield ind1=" " ind2=" " tag="260"><subfield code="a">Oconto Falls, Wis. :</subfield><subfield code="b">[s.n.]</subfield></datafield><datafield ind1=" " ind2=" " tag="300"><subfield code="a">v. :</subfield><subfield code="b">ill.</subfield></datafield><datafield ind1=" " ind2=" " tag="310"><subfield code="a">Weekly</subfield></datafield><datafield ind1="1" ind2=" " tag="362"><subfield code="a">Began in June, 1911.</subfield><subfield code="z">Cf. Oehlerts, d. E. Guide to Wis. newspapers.</subfield></datafield><datafield ind1="1" ind2=" " tag="362"><subfield code="a">Ceased in Mar., 1912.</subfield></datafield><datafield ind1=" " ind2=" " tag="500"><subfield code="a">Publisher varies.</subfield></datafield><datafield ind1=" " ind2=" " tag="500"><subfield code="a">Editor: R.H. Wright, &lt;Aug. 19, 1911&gt;-Feb. 2, 1912.</subfield></datafield><datafield ind1=" " ind2=" " tag="521"><subfield code="a">"Official organ of the American Society of Equity for the County of Oconto."</subfield></datafield><datafield ind1=" " ind2=" " tag="530"><subfield code="a">Available on microfilm from The State Historical Society of Wisconsin.</subfield></datafield><datafield ind1=" " ind2=" " tag="580"><subfield code="a">Merged with: Oconto Falls herald, to form: Union farmer-herald, Cf. Union farmer-herald, March 28, 1912.</subfield></datafield><datafield ind1=" " ind2=" " tag="588"><subfield code="a">Description based on: First year, no. 9 (Aug. 19, 1911).</subfield></datafield><datafield ind1=" " ind2=" " tag="752"><subfield code="a">United States</subfield><subfield code="b">Wisconsin</subfield><subfield code="c">Oconto</subfield><subfield code="d">Oconto Falls.</subfield></datafield><datafield ind1="1" ind2="7" tag="785"><subfield code="t">Oconto Falls herald (Oconto Falls, Wis. : 1902)</subfield><subfield code="w">(DLC)sn 86086295</subfield></datafield><datafield ind1="1" ind2="7" tag="785"><subfield code="t">Union farmer-herald</subfield><subfield code="w">(DLC)sn 86086296</subfield></datafield><datafield ind1="1" ind2=" " tag="029"><subfield code="a">AU@</subfield><subfield code="b">000025808801</subfield></datafield></record>